<?xml version="1.0" encoding="UTF-8"?><collection xmlns="http://www.loc.gov/MARC21/slim"><record><leader>00376nam--2200133-i-4500</leader><controlfield tag="001">000028154</controlfield><controlfield tag="002">20161230</controlfield><controlfield tag="005">20161230201037</controlfield><controlfield tag="008">060222s1000------------r-----000-0-eng-d</controlfield><datafield ind1=" " ind2=" " tag="100"><subfield code="a">Lawden, D.F</subfield></datafield><datafield ind1=" " ind2=" " tag="245"><subfield code="a">An intr.to tehsor calculus and relativity</subfield></datafield><datafield ind1=" " ind2=" " tag="260"><subfield code="a">London, Methuen &amp; Co.Ltd.,1962. Xii + 172p</subfield></datafield><datafield ind1=" " ind2=" " tag="490"><subfield code="a">(Methuen`S Monographs On Physical Subjects)</subfield></datafield><datafield ind1=" " ind2=" " tag="852"><subfield code="a">18617</subfield></datafield></record></collection>